
@book{aivaliotis2016mastering,
	title={Mastering Nginx},
	author={Aivaliotis, Dimitri},
	year={2016},
	publisher={Packt Publishing Ltd}
}

@book{sharma2015nginx,
	title={Nginx high performance},
	author={Sharma, Rahul},
	year={2015},
	publisher={Packt Publishing Ltd}
}

@book{nedelcu2015nginx,
	title={Nginx HTTP Server},
	author={Nedelcu, Clement},
	year={2015},
	publisher={Packt Publishing Ltd}
}

@book{dejonghe2017nginx,
	title={Complete Nginx Cookbook},
	author={Derek, DeJonghe},
	year={2017},
	publisher={O'Reilly Media, Inc.}
}